%% This BibTeX bibliography file was created using BibDesk.
%% http://bibdesk.sourceforge.net/


%% Created for Takumi Bolte at 2014-04-25 11:36:40 -0400


%% Saved with string encoding Unicode (UTF-8)

@url{msp:2011,
	Date-Added = {2014-04-25 15:29:55 +0000},
	Date-Modified = {2014-04-25 15:36:40 +0000},
	Title = {http://www.ti.com/lit/ds/symlink/msp430f1611.pdf},
	Url = {http://www.ti.com/lit/ds/symlink/msp430f1611.pdf}}

@article{Hoare:2003,
	Acmid = {602403},
	Address = {New York, NY, USA},
	Author = {Hoare, Tony},
	Doi = {10.1145/602382.602403},
	Issn = {0004-5411},
	Issue_Date = {January 2003},
	Journal = {J. ACM},
	Month = jan,
	Number = {1},
	Numpages = {7},
	Pages = {63--69},
	Publisher = {ACM},
	Title = {The verifying compiler: A grand challenge for computing research},
	Url = {http://doi.acm.org/10.1145/602382.602403},
	Volume = {50},
	Year = {2003},
	Bdsk-Url-1 = {http://doi.acm.org/10.1145/602382.602403},
	Bdsk-Url-2 = {http://dx.doi.org/10.1145/602382.602403}}

@mastersthesis{regula:2010,
	Author = {Kalyan Regula},
	School = {Clemson University},
	Title = {A Verifying Compiler for Embedded Networked Systems},
	Year = {2010}}

@phdthesis{kulczycki:2004,
	Author = {Gregory W. Kulczycki},
	School = {Clemson University},
	Title = {Direct Reasoning},
	Year = {2004}}

@article{sitaraman:2011,
	Acmid = {2109186},
	Address = {London, UK, UK},
	Author = {Sitaraman, Murali and Adcock, Bruce and Avigad, Jeremy and Bronish, Derek and others},
	Doi = {10.1007/s00165-010-0154-3},
	Issn = {0934-5043},
	Issue_Date = {September 2011},
	Journal = {Form. Asp. Comput.},
	Keywords = {Software engineering, Theorem proving, Tools, Verification},
	Month = sep,
	Number = {5},
	Numpages = {20},
	Pages = {607--626},
	Publisher = {Springer-Verlag},
	Title = {Building a push-button {RESOLVE} verifier: Progress and challenges},
	Url = {http://dx.doi.org/10.1007/s00165-010-0154-3},
	Volume = {23},
	Year = {2011},
	Bdsk-Url-1 = {http://dx.doi.org/10.1007/s00165-010-0154-3}}

@phdthesis{smith:2013,
    author = {Hampton Smith},
    title = {Engineering Specifications and Mathematics for Verified Software},
    school = {Clemson University},
    year = {2013}
}

@incollection{kulczycki:2008,
	Author = {Gregory Kulczycki and Murali Sitaraman and Kimberly Roche and Nighat Yasmin},
	Bibsource = {DBLP, http://dblp.uni-trier.de},
	Booktitle = {Wiley Encyclopedia of Computer Science and Engineering},
	Ee = {http://dx.doi.org/10.1002/9780470050118.ecse161},
	Publisher = {John Wiley {\&} Sons, Inc.},
	Title = {Formal Specification},
	Year = {2008}}

@incollection{vcc:2009,
	year={2009},
	isbn={978-3-642-03358-2},
	booktitle={Theorem Proving in Higher Order Logics},
	volume={5674},
	series={Lecture Notes in Computer Science},
	editor={Berghofer, Stefan and Nipkow, Tobias and Urban, Christian and Wenzel, Makarius},
	doi={10.1007/978-3-642-03359-9_2},
	title={VCC: A Practical System for Verifying Concurrent C},
	url={http://dx.doi.org/10.1007/978-3-642-03359-9_2},
	publisher={Springer Berlin Heidelberg},
	author={Cohen, Ernie and Dahlweid, Markus and Hillebrand, Mark and Leinenbach, Dirk and Moskal, Micha≈Ç and Santen, Thomas and Schulte, Wolfram and Tobies, Stephan},
	pages={23-42}
}

@article{krasner:1988,
 author = {Krasner, Glenn E. and Pope, Stephen T.},
 title = {A Cookbook for Using the Model-view Controller User Interface Paradigm in Smalltalk-80},
 journal = {J. Object Oriented Program.},
 issue_date = {Aug./Sept. 1988},
 volume = {1},
 number = {3},
 month = aug,
 year = {1988},
 issn = {0896-8438},
 pages = {26--49},
 numpages = {24},
 url = {http://dl.acm.org/citation.cfm?id=50757.50759},
 acmid = {50759},
 publisher = {SIGS Publications},
 address = {Denville, NJ, USA},
}

@inproceedings{Cordeiro:2009:SBM:1747491.1747515,
 author = {Cordeiro, Lucas and Fischer, Bernd and Marques-Silva, Joao},
 title = {SMT-Based Bounded Model Checking for Embedded ANSI-C Software},
 booktitle = {Proceedings of the 2009 IEEE/ACM International Conference on Automated Software Engineering},
 series = {ASE '09},
 year = {2009},
 isbn = {978-0-7695-3891-4},
 pages = {137--148},
 numpages = {12},
 url = {http://dx.doi.org/10.1109/ASE.2009.63},
 doi = {10.1109/ASE.2009.63},
 acmid = {1747515},
 publisher = {IEEE Computer Society},
 address = {Washington, DC, USA},
 keywords = {Bounded Model Checking, Satisfiability Modulo Theories, Embedded ANSI-C Software},
}

@inproceedings{polastre:2005,
	Author = {Polastre, J. and Szewczyk, R. and Culler, D.},
	Booktitle = {Information Processing in Sensor Networks, 2005. IPSN 2005. Fourth International Symposium on},
	Doi = {10.1109/IPSN.2005.1440950},
	Month = {April},
	Pages = {364-369},
	Title = {Telos: enabling ultra-low power wireless research},
	Year = {2005},
	Bdsk-Url-1 = {http://dx.doi.org/10.1109/IPSN.2005.1440950}}
	
@article{Gay:2003,
 author = {Gay, David and Levis, Philip and von Behren, Robert and Welsh, Matt and Brewer, Eric and Culler, David},
 title = {The nesC Language: A Holistic Approach to Networked Embedded Systems},
 journal = {SIGPLAN Not.},
 issue_date = {May 2003},
 volume = {38},
 number = {5},
 month = may,
 year = {2003},
 issn = {0362-1340},
 pages = {1--11},
 numpages = {11},
 url = {http://doi.acm.org/10.1145/780822.781133},
 doi = {10.1145/780822.781133},
 acmid = {781133},
 publisher = {ACM},
 address = {New York, NY, USA}}
 
@inproceedings{levis:2003,
  title={TOSSIM: Accurate and scalable simulation of entire TinyOS applications},
  author={Levis, Philip and Lee, Nelson and Welsh, Matt and Culler, David},
  booktitle={Proceedings of the 1st international conference on Embedded networked sensor systems},
  pages={126--137},
  year={2003},
  organization={ACM}}
  
@inproceedings{osterlind:2006,
  title={Cross-level sensor network simulation with cooja},
  author={Osterlind, Fredrik and Dunkels, Adam and Eriksson, Joakim and Finne, Niclas and Voigt, Thiemo},
  booktitle={Local Computer Networks, Proceedings 2006 31st IEEE Conference on},
  pages={641--648},
  year={2006},
  organization={IEEE}}
